@article{ergun2000spot,
  title     = {Spot-checkers},
  author    = {Erg{\"u}n, Funda and Kannan, Sampath and Kumar, S Ravi and Rubinfeld, Ronitt and Viswanathan, Mahesh},
  journal   = {Journal of Computer and System Sciences},
  volume    = {60},
  number    = {3},
  pages     = {717--751},
  year      = {2000},
  publisher = {Elsevier}
}
@article{Chazelle2005ApproximatingTM,
  title   = {Approximating the Minimum Spanning Tree Weight in Sublinear Time},
  author  = {Bernard Chazelle and Ronitt Rubinfeld and Luca Trevisan},
  journal = {SIAM J. Comput.},
  year    = {2005},
  volume  = {34},
  pages   = {1370-1379}
}
@inproceedings{goldreich1997property,
  title     = {Property testing in bounded degree graphs},
  author    = {Goldreich, Oded and Ron, Dana},
  booktitle = {Proceedings of the twenty-ninth annual ACM symposium on Theory of computing},
  pages     = {406--415},
  year      = {1997}
}
@article{chazelle2000minimum,
  title     = {A minimum spanning tree algorithm with inverse-Ackermann type complexity},
  author    = {Chazelle, Bernard},
  journal   = {Journal of the ACM (JACM)},
  volume    = {47},
  number    = {6},
  pages     = {1028--1047},
  year      = {2000},
  publisher = {ACM New York, NY, USA}
}
@article{karger1995randomized,
  title     = {A randomized linear-time algorithm to find minimum spanning trees},
  author    = {Karger, David R and Klein, Philip N and Tarjan, Robert E},
  journal   = {Journal of the ACM (JACM)},
  volume    = {42},
  number    = {2},
  pages     = {321--328},
  year      = {1995},
  publisher = {ACM New York, NY, USA}
}
@article{fischer2004strength,
  title     = {On the strength of comparisons in property testing},
  author    = {Fischer, Eldar},
  journal   = {Information and Computation},
  volume    = {189},
  number    = {1},
  pages     = {107--116},
  year      = {2004},
  publisher = {Elsevier}
}
